@article{DBLP:journals/corr/ChenG16,
  author    = {Tianqi Chen and
               Carlos Guestrin},
  title     = {XGBoost: {A} Scalable Tree Boosting System},
  journal   = {CoRR},
  volume    = {abs/1603.02754},
  year      = {2016},
  url       = {http://arxiv.org/abs/1603.02754},
  archivePrefix = {arXiv},
  eprint    = {1603.02754},
  timestamp = {Wed, 07 Jun 2017 14:42:25 +0200},
  biburl    = {https://dblp.org/rec/bib/journals/corr/ChenG16},
  bibsource = {dblp computer science bibliography, https://dblp.org}
}

@article{DBLP:journals/corr/DorogushGGKPV17,
  author    = {Anna Veronika Dorogush and
               Andrey Gulin and
               Gleb Gusev and
               Nikita Kazeev and
               Liudmila Ostroumova Prokhorenkova and
               Aleksandr Vorobev},
  title     = {Fighting biases with dynamic boosting},
  journal   = {CoRR},
  volume    = {abs/1706.09516},
  year      = {2017},
  url       = {http://arxiv.org/abs/1706.09516},
  archivePrefix = {arXiv},
  eprint    = {1706.09516},
  timestamp = {Mon, 03 Jul 2017 13:29:02 +0200},
  biburl    = {https://dblp.org/rec/bib/journals/corr/DorogushGGKPV17},
  bibsource = {dblp computer science bibliography, https://dblp.org}
}

@incollection{NIPS2017_6907,
title = {LightGBM: A Highly Efficient Gradient Boosting Decision Tree},
author = {Ke, Guolin and Meng, Qi and Finley, Thomas and Wang, Taifeng and Chen, Wei and Ma, Weidong and Ye, Qiwei and Liu, Tie-Yan},
booktitle = {Advances in Neural Information Processing Systems 30},
editor = {I. Guyon and U. V. Luxburg and S. Bengio and H. Wallach and R. Fergus and S. Vishwanathan and R. Garnett},
pages = {3146--3154},
year = {2017},
publisher = {Curran Associates, Inc.},
url = {http://papers.nips.cc/paper/6907-lightgbm-a-highly-efficient-gradient-boosting-decision-tree.pdf}
}


@article{DBLP:journals/corr/RashmiG15,
  author    = {K. V. Rashmi and
               Ran Gilad{-}Bachrach},
  title     = {{DART:} Dropouts meet Multiple Additive Regression Trees},
  journal   = {CoRR},
  volume    = {abs/1505.01866},
  year      = {2015},
  url       = {http://arxiv.org/abs/1505.01866},
  archivePrefix = {arXiv},
  eprint    = {1505.01866},
  timestamp = {Wed, 07 Jun 2017 14:43:06 +0200},
  biburl    = {https://dblp.org/rec/bib/journals/corr/RashmiG15},
  bibsource = {dblp computer science bibliography, https://dblp.org}
}

@online{zhanpengfang,
 author  = "Zhanpeng Fang",
 title   = "Parallel Gradient Boosting Decision Trees",
 url     = "http://zhanpengfang.github.io/418home.html",
 note = "[cit. 2018-06-09]",
 howpublished={[online]}
}

@article{friedman2001greedy,
  title={Greedy function approximation: a gradient boosting machine},
  author={Friedman, Jerome H},
  journal={Annals of statistics},
  pages={1189--1232},
  year={2001},
  publisher={JSTOR}
}

@book{breiman2017classification,
  title={Classification and regression trees},
  author={Breiman, Leo},
  year={1984},
  publisher={Routledge}
}

@misc{ wiki:gradientdescent,
    author = "{Wikipedia contributors}",
    title = "Gradient descent --- {Wikipedia}{,} The Free Encyclopedia",
    year = "2018",
    url = "https://en.wikipedia.org/w/index.php?title=Gradient_descent&oldid=845070621",
    note = "[Online; accessed 10-June-2018]"
  }

@article{freund1997decision,
  title={A decision-theoretic generalization of on-line learning and an application to boosting},
  author={Freund, Yoav and Schapire, Robert E},
  journal={Journal of computer and system sciences},
  volume={55},
  number={1},
  pages={119--139},
  year={1997},
  publisher={Elsevier}
}